<record xmlns:xsi="http://www.w3.org/2001/XMLSchema-instance" xmlns="http://www.loc.gov/MARC21/slim" xsi:schemaLocation="http://www.loc.gov/MARC21/slim http://www.loc.gov/standards/marcxml/schema/MARC21slim.xsd">

  <leader>00781nam a22002057a 4500</leader>
  <controlfield tag="008">150925b2013    cr ||||| |||| 00| | spa d</controlfield>
  <datafield tag="020" ind2=" " ind1=" ">
    <subfield code="a">9789977152516</subfield>
  </datafield>
  <datafield ind2=" " tag="090" ind1=" ">
    <subfield code="a">01.04.04</subfield>
    <subfield code="b"> 2080 </subfield>
  </datafield>
  <datafield ind2="0" tag="245" ind1="1">
    <subfield code="a">Estudios sobre china desde Latinoamérica: Geopolítica, religión e inmigración / </subfield>
    <subfield code="c">Editores Susan Chen Mok; Jorge Bartels Villanueva; Ricardo Martínez Esquivel</subfield>
  </datafield>
  <datafield ind2=" " tag="260" ind1=" ">
    <subfield code="a">San José, Costa Rica :</subfield>
    <subfield code="b">Universidad de Costa Rica,</subfield>
    <subfield code="c">Impresión 2013</subfield>
  </datafield>
  <datafield ind1=" " tag="300" ind2=" ">
    <subfield code="a">xxiv, 288 páginas; </subfield>
    <subfield code="b">ilustraciones</subfield>
  </datafield>
  <datafield ind1="1" tag="650" ind2="4">
    <subfield code="9">1085</subfield>
    <subfield code="a">GEOGRAFÍA POLÍTICA</subfield>
  </datafield>
  <datafield ind1="1" tag="650" ind2="4">
    <subfield code="9">814</subfield>
    <subfield code="a">RELIGIÓN</subfield>
  </datafield>
  <datafield ind1="1" tag="650" ind2="4">
    <subfield code="9">574</subfield>
    <subfield code="a">INMIGRACIÓN </subfield>
  </datafield>
  <datafield ind1=" " ind2="4" tag="651">
    <subfield code="9">415</subfield>
    <subfield code="a">CHINA</subfield>
  </datafield>
  <datafield ind2=" " tag="700" ind1="1">
    <subfield code="9">1086</subfield>
    <subfield code="a">Chen Mok, Susan</subfield>
  </datafield>
  <datafield ind1="1" tag="700" ind2=" ">
    <subfield code="9">1087</subfield>
    <subfield code="a">Bartels Villanueva, Jorge</subfield>
  </datafield>
  <datafield ind1="1" ind2=" " tag="700">
    <subfield code="9">1088</subfield>
    <subfield code="a">Martínez Esquivel, Ricardo </subfield>
  </datafield>
  <datafield tag="942" ind2=" " ind1=" ">
    <subfield code="2">z</subfield>
    <subfield code="c">01</subfield>
  </datafield>
  <datafield ind2=" " tag="999" ind1=" ">
    <subfield code="c">2895</subfield>
    <subfield code="d">2895</subfield>
  </datafield>
</record>